@misc{Nakamoto_2008,
    author = "Satoshi Nakamoto",
    title = "Bitcoin: a peer-to-peer electronic cash system",
    year = "2008",
    howpublished = {\url{https://bitcoin.org/bitcoin.pdf}}
}

@misc{Buterin_2013,
    author = "Vitalik Buterin",
    title = "A next generation smart contract and decentralized application platform",
    year = "2013",
    howpublished = {\url{https://github.com/ethereum/wiki/wiki/White-Paper}}
}

@misc{Poon_2016,
    author = "Joseph Poon and Thaddeus Dryja",
    title = "The Bitcoin Lightning Network: Scalable Off-Chain Instant Payments",
    year = "2016",
    howpublished = {\url{https://lightning.network/lightning-network-paper.pdf}}
}

@misc{Lightning_RFC,
    author = "Rusty Russell et. al.",
    title = "Lightning Network In-Progress Specifications",
    year = "2018",
    howpublished = {\url{https://github.com/lightningnetwork/lightning-rfc}}
}

@misc{Back_2014,
    author = "Adam Back et al.",
    title = "Enabling Blockchain Innovations with Pegged Sidechains",
    year = "2014",
    howpublished = {\url{https://blockstream.com/sidechains.pdf}}
}

@misc{Poon_2017,
    author = "Joseph Poon and Vitalik Buterin",
    title = "Plasma: Scalable Autonomous Smart Contracts",
    year = "2017",
    howpublished = {\url{https://plasma.io/plasma.pdf}}
}

@misc{Pagnia_1999,
    author = "Henning Pagnia and Felix C. G{\"a}rtner",
    title = "On the Impossibility of Fair Exchange Without a Trusted Third Party",
    year = "1999",
    howpublished = {\url{https://www.cs.utexas.edu/~shmat/courses/cs395t\_fall04/pagnia.pdf}}
}

@misc{wiki:CounterfactualConditional_2017,
    title = "Counterfactual conditional --- {W}ikipedia{,} The Free Encyclopedia",
    year = "2018",
    howpublished = {\url{https://en.wikipedia.org/wiki/Counterfactual\_conditional}}
}

@misc{Wood_2017,
    author = "Gavin Wood",
    title = "Ethereum: A Secure Decentralized Generalised Transaction Ledger",
    year = "2018",
    howpublished = {\url{https://ethereum.github.io/yellowpaper/paper.pdf}}
}

@misc{Solidity_2018,
    title = "Solidity Documentation - Units and Globally Available Variables",
    year = "2018",
    howpublished = {\url{https://solidity.readthedocs.io/en/develop/units-and-global-variables.html}}
}

@misc{essrm:Counterfactual,
    author = {{Michael Lewis-Beck, Alan E Bryman, Tim Futing Liao}},
    title = "Counterfactual. The SAGE Encyclopedia of Social Science Research Methods"
}

@misc{se:contractaddress,
    author = {{Oleskii Matiiasevych}},
    title = "How is the address of an Ethereum contract computed?",
    year = "2016",
    howpublished = {\url{https://ethereum.stackexchange.com/questions/760/how-is-the-address-of-an-ethereum-contract-computed}}
}

@misc{eip:accountabstraction,
    author = {{Vitalik Buterin}},
    title = "Account abstraction for main chain",
    year = "2018",
    howpublished = {\url{https://github.com/ethereum/EIPs/issues/859}}
}

@misc{readthedocs:raidenspec,
    title = "Raiden Specification",
    year = "2018",
    howpublished = {\url{http://raiden-network.readthedocs.io/en/stable/spec.html}}
}

@misc{raiden:217,
    author = {{Augusto Hack}},
    title = "Add cooperative channel closing",
    year = "2016",
    howpublished = {\url{https://github.com/raiden-network/raiden/issues/217}}
}

@misc{chess,
    author = {{Paul Grau}},
    title = "Lessons learned from making a Chess game for Ethereum",
    year = "2016",
    howpublished = {\url{https://medium.com/@graycoding/lessons-learned-from-making-a-chess-game-for-ethereum-6917c01178b6}}
}

@misc{perun,
    author = {{Stefan Dziembowski, Lisa Eckey, Sebastian Faust, Daniel Malinowski}},
    title = "PERUN: Virtual Payment Hubs over Cryptographic Currencies",
    year = "2017",
    howpublished = {\url{https://eprint.iacr.org/2017/635}}
}

@misc{perun2,
    author = {{Stefan Dziembowski, Sebastian Faust, Kristina Hostakova}},
    title = "Foundations of State Channel Networks",
    year = "2018",
    howpublished = {\url{https://eprint.iacr.org/2018/320}}
}

@misc{devcon1:uht,
    author = {{Jeff Coleman}},
    title = "Universal Hash Time",
    year = "2015",
    howpublished = {\url{https://www.youtube.com/watch?v=phXohYF0xGo}}
}

@misc{jeffcoleman:statechannels,
    author = {{Jeff Coleman}},
    title = "State Channels",
    year = "2015",
    howpublished = {\url{http://www.jeffcoleman.ca/state-channels/}}
}

@misc{bitcoinmagazine:history_of_lightning,
    author = {{Aaron van Wirdum}},
    title = "The History of Lightning: from brainstorm to beta",
    year = "2018",
    howpublished = {\url{https://bitcoinmagazine.com/articles/history-lightning-brainstorm-beta/}}
}

@misc{gnosisforum:offchain,
    author = {{Martin K\"oppelmann}},
    title = "How offchain trading will work",
    year = "2015",
    howpublished = {\url{https://forum.gnosis.pm/t/how-offchain-trading-will-work/63}}
}

@misc{funfair,
    author = {{Jeremy Longley and Oliver Hopton}},
    title = "FunFair Technology Roadmap and Discussion",
    year = "2017",
    howpublished = {\url{https://funfair.io/wp-content/uploads/FunFair-Technical-White-Paper.pdf}}
}

@misc{alcio:dust,
    author = {{Antoine Le Calvez}},
    title = "When the Bitcoin dust settles",
    year = "2018",
    howpublished = {\url{https://medium.com/@alcio/when-the-bitcoin-dust-settles-878f3431a71a}}
}

@misc{ethwiki:data,
    title = "A note on data availability and erasure coding",
    year = "2018",
    howpublished = {\url{https://github.com/ethereum/research/wiki/A-note-on-data-availability-and-erasure-coding}}
}

@misc{vitalik:triangle,
    author = {{Vitalik Buterin}},
    title = "The Triangle of Harm",
    year = "2017",
    howpublished = {\url{https://vitalik.ca/general/2017/07/16/triangle_of_harm.html}}
}

@misc{sprites,
    author = {{Andrew Miller et. al.}},
    title = "Sprites and State Channels: Payment Networks that Go Faster than Lightning",
    year = "2017",
    howpublished = {\url{https://arxiv.org/abs/1702.05812}}
}

@misc{EIP897,
    author = {{Jorge Izquierdo and Manuel Araoz}},
    title = "{EIP} 897: {ERC} DelegateProxy",
    year = "2018",
    howpublished = {\url{https://eips.ethereum.org/EIPS/eip-897}}
}
